% Encoding: UTF-8

@online{Studon2007,
  author = {{Institut für Lerninnovation (ILI)}, Friedrich Alexander Universität Erlangen-Nürnberg},
  title = {Erfahrungen an der FAU im Bereich Virtuelle Lehre / Hintergrund},
  url = {https://www.studon.fau.de/studon/ilias.php?ref_id=926011&obj_id=67803&cmd=layout&cmdClass=illmpresentationgui&cmdNode=g7&baseClass=ilLMPresentationGUI},
  urldate = {2019-03-26}
}

@online{Ilias1998,
  author = {{ILIAS open source e-Learning e.V.}},
  title = {Über das Open-Source-LMS Ilias},
  url = {https://www.ilias.de/open-source-lms-ilias/},
  urldate = {2019-03-26}
}

@online{IliasAutorenDokumentation,
  author = {{ILIAS open source e-Learning e.V.}},
  title = {ILIAS - Dokumentation für Autoren},
  url = {https://docu.ilias.de/ilias.php?ref_id=5235&cmd=layout&cmdClass=illmpresentationgui&cmdNode=2c&baseClass=ilLMPresentationGUI},
  urldate = {2019-03-27}
}

@online{SQLjs,
  author = {{Alon Zakai}},
  title = {SQL.js},
  url = {https://github.com/kripken/sql.js/},
  urldate = {2019-04-03}
}

@online{IliasDevelopmentGuide,
  author = {{ILIAS open source e-Learning e.V.}},
  title = {ILIAS - Development Guide},
  url = {https://docu.ilias.de/goto.php?target=lm_42&client_id=docu},
  urldate = {2019-05-14}
}

@online{AssExampleQuestion,
  author = {{Fred Neumann}},
  title = {AssExampleQuestion - ILIAS Example Question Plugin},
  url = {https://github.com/ilifau/assExampleQuestion},
  urldate = {2019-05-14}
}

@online{AssCodeQuestion,
  author = {{Frank Bauer}},
  title = {AssCodeQuestion - ILIAS Code Question Plugin},
  url = {https://github.com/frankbauer/ilias-asscodequestion},
  urldate = {2019-05-14}
}

@online{SQLjsDocu,
  author = {{Alon Zakai}},
  title = {SQL.js - Full Documentation},
  url = {http://kripken.github.io/sql.js/documentation},
  urldate = {2019-04-04}
}

@online{SQLjsExa,
  author = {{Alon Zakai}},
  title = {SQL.js - FullExamples},
  url = {https://kripken.github.io/sql.js/index.html},
  urldate = {2019-04-04}
}

@online{Emscripten,
  author = {{Emscripten Contributors}},
  title = {Emscripten},
  url = {https://emscripten.org/},
  urldate = {2019-04-03}
}